<collection xmlns="http://www.loc.gov/MARC21/slim"><record><leader>00927nam  2200241   450</leader><controlfield tag="001">993</controlfield><controlfield tag="003">http://montalegre.opacnet.com/OPAC/default.aspx?ContentAreaControl=ShowRegHoldings.ascx&amp;RegNo=16662</controlfield><datafield tag="100" ind1=" " ind2=" "><subfield code="a">19860511d1986    k  y0pora0103    ba</subfield></datafield><datafield tag="101" ind1="1" ind2=" "><subfield code="a">por</subfield><subfield code="c">dan</subfield></datafield><datafield tag="102" ind1=" " ind2=" "><subfield code="a">PT</subfield></datafield><datafield tag="200" ind1="1" ind2=" "><subfield code="a">&lt;O &gt;livro de San Michele</subfield><subfield code="f">Axel Munthe</subfield><subfield code="g">trad. Jaime Cortesão</subfield></datafield><datafield tag="205" ind1=" " ind2=" "><subfield code="a">15ª ed</subfield></datafield><datafield tag="210" ind1=" " ind2=" "><subfield code="a">Lisboa</subfield><subfield code="c">Livros do Brasil</subfield><subfield code="d">[D.L. 1986]</subfield></datafield><datafield tag="215" ind1=" " ind2=" "><subfield code="a">332, [4] p.</subfield><subfield code="d">21 cm</subfield></datafield><datafield tag="304" ind1=" " ind2=" "><subfield code="a">Tít. orig. Boken om San Michele</subfield></datafield><datafield tag="675" ind1=" " ind2=" "><subfield code="a">821.113.6Munthe, Axel.09</subfield><subfield code="v">BN</subfield><subfield code="z">por</subfield><subfield code="v">BN</subfield><subfield code="z">por</subfield><subfield code="3">1228849</subfield></datafield><datafield tag="675" ind1=" " ind2=" "><subfield code="a">61Munthe, Axel</subfield><subfield code="v">BN</subfield><subfield code="z">por</subfield><subfield code="v">BN</subfield><subfield code="z">por</subfield><subfield code="3">1228850</subfield></datafield><datafield tag="675" ind1=" " ind2=" "><subfield code="a">929Munthe, Axel</subfield><subfield code="v">BN</subfield><subfield code="z">por</subfield><subfield code="v">BN</subfield><subfield code="z">por</subfield><subfield code="3">1228851</subfield></datafield><datafield tag="675" ind1=" " ind2=" "><subfield code="a">821.113.6-94"18/19"</subfield><subfield code="v">BN</subfield><subfield code="z">por</subfield><subfield code="v">BN</subfield><subfield code="z">por</subfield><subfield code="3">1228852</subfield></datafield><datafield tag="700" ind1=" " ind2="1"><subfield code="a">Munthe</subfield><subfield code="b">Axel</subfield><subfield code="f">1857-1949</subfield><subfield code="3">78423</subfield></datafield><datafield tag="702" ind1=" " ind2="1"><subfield code="a">Cortesão</subfield><subfield code="b">Jaime</subfield><subfield code="f">1884-1960</subfield><subfield code="4">730</subfield><subfield code="3">19278</subfield></datafield><datafield tag="801" ind1=" " ind2="0"><subfield code="a">PT</subfield><subfield code="b">Biblioteca Municipal de Montalegre</subfield><subfield code="g">RPC</subfield></datafield><datafield tag="856" ind1=" " ind2=" "><subfield code="u">locateMedia.asp?cod=20060705111739&amp;ext=jpg</subfield><subfield code="z">CAPA</subfield></datafield><datafield tag="909" ind1="&#9;" ind2=" "><subfield code="a">1</subfield></datafield><datafield tag="966" ind1=" " ind2=" "><subfield code="a">0009111</subfield><subfield code="l">BMM</subfield><subfield code="s">SCG 821 MUN liv 1</subfield></datafield></record></collection>